


@article{barry2001,
        author={Barry,Simon C. and Welsh,A. H.},
        year={2001},
        title={Distance Sampling Methodology},
        journal={Journal of the Royal Statistical Society.Series B (Statistical Methodology)},
        volume={63},
        number={1},
        pages={31-53},
        keywords={design-based method; clusters; two-stage sampling; informative sampling; STATISTICS & PROBABILITY; MODELS; distance sampling; LINE TRANSECT SURVEYS},
        isbn={1369-7412},
        language={English},
        url={http://www.jstor.org/stable/2680632}
}


@article{barabesi2013,
        author={Barabesi,Lucio and Fattorini,Lorenzo},
        year={2013},
        title={Random versus stratified location of transects or points in distance sampling: theoretical results and practical considerations},
        journal={Environmental and Ecological Statistics},
        volume={20},
        number={2},
        pages={215-236},

        keywords={Monte Carlo simulation; Animals; Abundance; Detection probability; ENVIRONMENTAL SCIENCES; Uniform random sampling; DENSITY-ESTIMATION; Ecology; Coverage probability; DESIGNS; Mathematical and Computational Biology; MATHEMATICS, INTERDISCIPLINARY APPLICATIONS; STATISTICS & PROBABILITY; COVERAGE ESTIMATION; Monte Carlo integration; Composite materials; POPULATIONS; Composite approach; Life Sciences; Studies; Parallel; Tessellation stratified sampling; VARIANCE; Statistics, general; Evolutionary Biology; edge effects; SIZE},
        isbn={1352-8505},
        language={English},
        url={http://dx.doi.org/10.1007/s10651-012-0216-1},
}


@article{buckland1987,
        author={Buckland,S. T.},
        year={1987},
        title={On the variable circular plot method of estimating animal density},
        journal={Biometrics},
        volume={43},
        number={2},
        pages={363-384},
        keywords={Aves; measuring techniques; population density; sampling},
        isbn={0006-341X},
        language={English},
        url={http://www.jstor.org/stable/2531819},
}


@article{roeder1987,
        author={Roeder,Kathryn and Dennis,Brian and Garton,Edward O.},
        year={1987},
        title={Estimating Density from Variable Circular Plot Censuses},
        journal={The Journal of Wildlife Management},
        volume={51},
        number={1},
        pages={224-230},
        keywords={forests; census; Aves; population density; methodology},
        isbn={0022-541X},
        language={English},
        url={http://www.jstor.org/stable/3801660},
}


@article{buckland2006,
        author={Buckland,S. T.},
        year={2006},
        title={Point-Transect Surveys for Songbirds: Robust Methodologies (Muestreos en Transectos Puntuales para Aves Canoras: Metodologías Robustas)},
        journal={The Auk},
        volume={123},
        number={2},
        pages={345-357},
        keywords={DESIGN; Field work; Number of detections (no.); Methods; cue-count survey; Line-transect sampling; Abundance; Population density; Territory; Geographic location; Field study; Main road; Standard Deviation; Confidence Interval; Mapping; Sampling; Survey method; Standard Error; Resultant estimates of density; Cue-count method; European robin; Sampling techniques; Measurement errors; snapshot method; Acoustics; Winter wren; point-transect sampling; Territory mapping; Systematic grid; ORNITHOLOGY; Number of territories (no.); Aves; Estimates; Estimated effective detection radii; Birds; Mean; Great tit},
        isbn={0004-8038},
        language={English},
        url={http://www.jstor.org/stable/4090665},
}


@article{burnham1980,
        author="Burnham,Kenneth P. and Anderson,David R. and Laake,Jeffrey L.",
        year={1980},
        title={Estimation of Density from Line Transect Sampling of Biological Populations},
        journal={Wildlife Monographs},
        number={72},
        pages={3-202},
        isbn={0084-0173},
        language={English},
        url={http://www.jstor.org/stable/3830641},
}


@article{johnson2010,
        author={Johnson,Devin S. and Laake,Jeffrey L. and Ver Hoef,Jay M.},
        year={2010},
        title={A Model-Based Approach for Making Ecological Inference from Distance Sampling Data},
        journal={Biometrics},
        volume={66},
        number={1},
        pages={310-318},
       
        keywords={BIOLOGY; Environmental Monitoring - methods; Biometry - methods; MATHEMATICAL & COMPUTATIONAL BIOLOGY; Density; Abundance; Spatial point process; Overdispersion; Distance sampling; Models; Ecology; VARIANCE; STATISTICS & PROBABILITY; Estimating techniques; Line transect; LINE-TRANSECT SURVEYS; Research methodology; Sampling; SPATIAL POINT PATTERNS},
        isbn={0006-341X},
        language={English},
        url={http://dx.doi.org/10.1111/j.1541-0420.2009.01265.x},
}


@article{laake2011,
        author={Laake,J. L. and Collier,B. A. and Morrison,M. L. and Wilkins,R. N.},
        year={2011},
        title={Point-Based Mark-Recapture Distance Sampling},
        journal={Journal of Agricultural, Biological, and Environmental Statistics},
        volume={16},
        number={3},
        pages={389-408},

        keywords={Agriculture; BIOLOGY; Environmental Monitoring/Analysis; Statistics; VISIBILITY BIAS; COUNT SURVEYS; MATHEMATICAL & COMPUTATIONAL BIOLOGY; Point independence; HETEROGENEITY; LINE TRANSECT SURVEYS; Distance sampling; ESTIMATING DETECTION PROBABILITIES; Double-observer methods; ABUNDANCE; STATISTICS & PROBABILITY; Golden-cheeked warbler; MODELS; AERIAL SURVEYS; Biostatistics; Mark-recapture; Unmodeled heterogeneity; Avian surveys; Detection bias; Statistics for Life Sciences, Medicine, Health Sciences; REMOVAL; COMBINATION},
        isbn={1085-7117},
        language={English},
        url={http://dx.doi.org/10.1007/s13253-011-0059-5},
}


@article{mack1998,
        author={Mack,Y. P. and Quang,Pham X.},
        year={1998},
        title={Kernel Methods in Line and Point Transect Sampling},
        journal={Biometrics},
        volume={54},
        number={2},
        pages={606-619},

        keywords={random sample size; MATHEMATICS, APPLIED; line transect sampling; BIOLOGY, MISCELLANEOUS; ESTIMATORS; REGRESSION FUNCTION; point transect sampling; STATISTICS & PROBABILITY; kernel method; asymptotic normality},
        isbn={0006-341X},
        language={English},
        url={http://www.jstor.org/stable/3109767},
}


@article{marques2010,
        author={Marques,T. A. and Buckland,S. T. and Borchers,D. L. and Tosh,D. and McDonald,R. A.},
        year={2010},
        title={Point transect sampling along linear features},
        journal={Biometrics},
        volume={66},
        number={4},
        pages={1247-1255},

        keywords={BIOLOGY; Sampling techniques; MATHEMATICAL & COMPUTATIONAL BIOLOGY; Animal populations; Nonrandom samplers; Distance sampling; ROADS; FOXES; ABUNDANCE; STATISTICS & PROBABILITY; Estimating techniques; Hare survey; Research methodology; Point transects; Linear features; Bias; Uniformity; Nonuniform density},
        isbn={0006-341X},
        language={English},
        url={http://dx.doi.org/10.1111/j.1541-0420.2009.01381.x},
}


@article{miller2013,
        author={Miller,David L. and Burt,M. L. and Rexstad,Eric A. and Thomas,Len and Gimenez,Olivier},
        year={2013},
        title={Spatial models for distance sampling data: recent developments and future directions},
        journal={Methods in Ecology and Evolution},
        volume={4},
        number={11},
        pages={1001-1010},
        keywords={spatial modelling; ECOLOGY; WHALES; TWEEDIE DISTRIBUTION; Data processing; population density; GENERALIZED LINEAR-MODELS; INFERENCE; BIRD; abundance estimation; Distance software; wildlife surveys; Models; SPLINES; TRANSECT DATA; line transect sampling; ABUNDANCE; CATCH; point transect sampling; Sampling; SIZE; generalized additive models},
        isbn={2041-210X},
        language={English},
        url={http://dx.doi.org/10.1111/2041-210X.12105},
}


@article{oedekoven2013,
        author={Oedekoven,Cornelia S. and Buckland,Stephen T. and Mackenzie,Monique L. and Evans,Kristine O. and Burger,Loren W. and Devictor,Vincent},
        year={2013},
        title={Improving distance sampling: accounting for covariates and non‐independency between sampled sites},
        journal={Journal of Applied Ecology},
        volume={50},
        number={3},
        pages={786-793},
       
        keywords={designed experiments; ECOLOGY; Sampling techniques; Statistics; Data processing; Poisson rate adjusted for imperfect detection; habitat model; INFERENCE; Abundance; conservation buffers; Statistical analysis; Correlation analysis; Stratification; model selection; Models; Indigo; Poisson distribution; Conservation; point transect sampling; Sampling; heterogeneity in detection probabilities},
        isbn={0021-8901},
        language={English},
        url={http://dx.doi.org/10.1111/1365-2664.12065},
}


@article{quang1993,
        author={Quang,Pham X.},
        year={1993},
        title={Nonparametric Estimators for Variable Circular Plot Surveys},
        journal={Biometrics},
        volume={49},
        number={3},
        pages={837-852},
        keywords={VARIABLE CIRCULAR PLOT SAMPLING; KERNEL ESTIMATION OF A DERIVATIVE; ANIMAL DENSITY ESTIMATION; STATISTICS & PROBABILITY; LINDEBERG CENTRAL LIMIT THEOREM FOR RANDOM SAMPLE SIZES; MONTE-CARLO SIMULATION},
        isbn={0006-341X},
        language={English},
        url={ http://www.jstor.org/stable/2532203},
}


@article{ramsey1987,
        author={Ramsey,Fred L. and Wildman,Valerie and Engbring,John},
        year={1987},
        title={Covariate Adjustments to Effective Area in Variable-Area Wildlife Surveys},
        journal={Biometrics},
        volume={43},
        number={1},
        pages={1-11},
        isbn={0006-341X},
        language={English},
        url={http://www.jstor.org/stable/2531943},
}


@article{reynolds1980,
        author={Reynolds,R. T. and Scott,J. Michael and Nussbaum,R. A.},
        year={1980},
        title={A Variable Circular-Plot Method for Estimating Bird Numbers},
        journal={The Condor},
        volume={82},
        number={3},
        pages={309-313},
        isbn={0010-5422},
        language={English},
        url={http://www.jstor.org/stable/1367399},
}

@article{ramsey1981,
	  title={Analysis of bird survey data using a modification of Emlen's method},
	  author={Ramsey,Fred L and Scott,J Michael},
	  journal={Studies in Avian Biology},
	  volume={6},
	  pages={483--487},
	  year={1981}
}


@article{ramsey1979,
	  title={Estimating population densities from variable circular plot surveys},
	  author="Ramsey,Fred L and Scott,J Michael",
	  journal={Sampling Biological Populations},
	  volume={5},
	  year={1979},
	  publisher={Statistical Ecology}
}

@article{micronesian,
		title="Micronesian forest bird survey, 1982: {S}aipan, {T}inian, {A}giguan, and {R}ota",
		author="Engbring,John and Ramsey,Fred L and Wildman,Valerie J.",
		publisher={Fish and Wildlife Service, U.S. Dept. of the Interior},
		year={1986},
		url={http://hdl.handle.net/2027/coo.31924062784776},
}

@book{buckland2001,
        author="Buckland,S. T. and Anderson,D. R. and Burnham,K. P. and Laake,J. L. and Borchers,D. L. and Thomas, L.",
        year={2001},
        title={Introduction to distance sampling: estimating abundance of biological populations},
        publisher={Oxford University Press},
        address={Oxford; New York},
        keywords={Sampling (Statistics); Animal populations Statistical methods},
        isbn={019850649X; 9780198509271; 9780198506492; 0198509278},
        language={English},
}


@article{komodo2013,
        author={Ariefiandy,A. and Purwandana,D. and Coulson,G. and Forsyth,DM and Jessop,TS},
        year={2013},
        title={Monitoring the ungulate prey of the Komodo dragon Varanus komodoensis: distance sampling or faecal counts?},
        journal={Wildlife Biology},
        volume={19},
        number={2},
        pages={126-137},
        keywords={RAIN-FOREST; Indonesia, Lesser Sunda Islands, Flores; PREDATION; Ungulates; Sus scrofa; Indonesia; National parks; Population density; Predators; NATIONAL-PARK; Population dynamics; Coefficient of Determination; Islands; DENSITY; Detection; ABUNDANCE; POPULATION-SIZE; hazard rate; Sampling; Indonesia, Nusa Tenggara Timur, Flores Island, Komodo National Park; KILL RATES; Prey; MANAGEMENT; index of abundance; ECOLOGY; ZOOLOGY; Clusters; Temporal variations; feral pig; Varanus komodoensis; Bubalus bubalis; rusa deer; multiple covariates distance sampling; Komodo dragon; DEER; sample size; Rusa timorensis; Cervidae; Depth perception; Akaike's information criterion; CONSERVATION; faecal; Mean; Polygons},
        isbn={0909-6396},
        language={English},
        url={http://dx.doi.org/10.2981/11-098},
}


@article{krill2011,
        author={Cox,Martin J. and Borchers,David L. and Demer,David A. and Cutter,George R. and Brierley,Andrew S.},
        year={2011},
        title={Estimating the density of Antarctic krill (Euphausia superba) from multi-beam echo-sounder observations using distance sampling methods},
        journal={Journal of the Royal Statistical Society.Series C (Applied Statistics)},
        volume={60},
        number={2},
        pages={301-316},
        keywords={FISHERIES ACOUSTICS; Methods; Aquatic life; Population density; Statistical analysis; Studies; Distance sampling; BIOMASS; Multi-beam echo-sounder; SOUTH-GEORGIA; STATISTICS & PROBABILITY; Estimating techniques; Sampling; Antarctic krill; Multi-beam echo-sounder; Acoustic; Arctic research},
        isbn={0035-9254},
        language={English},
        url={www.summon.com},
}


@article{serengeti2011,
        author={Durant,Sarah M. and Craft,Meggan E. and Hilborn,Ray and Bashir,Sultana and Hando,Justin and Thomas,Len},
        year={2011},
        title={Long-term trends in carnivore abundance using distance sampling in Serengeti National Park, Tanzania},
        journal={Journal of Applied Ecology},
        volume={48},
        number={6},
        pages={1490-1500},
        keywords={Cannabis sativa; Travel industry; Historical account; Tanzania; Ecosystems; Abundance; Wildlife conservation; national parks; Nonnative species; black-backed jackal; Tanzania, Serengeti National Park; National parks and reserves; DYNAMICS; Acinonyx jubatus; carnivore community; Cheetahs; Canis aureus; Economics; carnivore density; Cycles; monitoring; carnivores; Power; Wildlife; Environmental associations; Otocyon megalotis; Surveys; Parallel; Habitat; cheetah; black-backed jackal; African lion; LIONS; side-striped jackal; Analysis; Strata; MORTALITY; Conservation; side-striped jackal; bat-eared fox; COMPETITION; spotted hyaena; golden jackal; Canis; Wildlife management; bat-eared fox; Canis mesomelas; PATTERNS; Usage; ACINONYX-JUBATUS; Habitats; Detection; PREY; Animal behavior; Crocuta crocuta; AVOIDANCE; Tanzania, Arusha, Ngorongoro Conservation Area; ECOLOGY; Animal populations; Density; Simulation; Estimates; Tanzania, Serengeti Natl. Park; Coefficient of Variation; Panthera leo; Population number},
        isbn={0021-8901},
        language={English},
        url={http://dx.doi.org/10.1111/j.1365-2664.2011.02042.x},
}

@article{butterfly2011,
        author={Isaac,Nick J. B. and Cruickshanks,Katie L. and Weddle,Ann M. and Marcus Rowcliffe,J. and Brereton,Tom M. and Dennis,Roger L. H. and Shuker,David M. and Thomas,Chris D.},
        year={2011},
        title={Distance sampling and the challenge of monitoring butterfly populations},
        journal={Methods in Ecology and Evolution},
        volume={2},
        number={6},
        pages={585-594},
        keywords={ECOLOGY; SCALE; effective strip width; EVIDENCE-BASED CONSERVATION; BIODIVERSITY; INDICATOR; mixed models; Pollard Walk; apparency; detectability; transect; BRITISH BUTTERFLIES; habitat; TRENDS; WEATHER; sampling; ABUNDANCE; CLIMATE-CHANGE; butterfly monitoring scheme; bias},
        isbn={2041-210X},
        language={English},
        url={http://dx.doi.org/10.1111/j.2041-210X.2011.00109.x},
}

@article{pedersen2012,
        author="Pederson,Åshlid Ø. and Bårdsen,Bård-Jørgen and Yoccoz,Nigel G. and Lecomte,Nicolas and Fuglei,Eva",
        year={2012},
        title={Monitoring Svalbard Rock Ptarmigan: Distance Sampling and Occupancy Modeling},
        journal={The Journal of Wildlife Management},
        volume={76},
        number={2},
        pages={308-316},
        keywords={Measurement; LOW-DENSITY; Population density; BEHAVIOR; DYNAMICS; population assessment; Demographic aspects; high-Arctic; ESTIMATING SITE OCCUPANCY; LAGOPUS-MUTUS-HYPERBOREUS; Bird populations; ABUNDANCE; Distribution; detection probability; Research; ECOLOGY; ZOOLOGY; Ptarmigans; COLONIZATION; FLUCTUATIONS; Lagopus muta hyperborea; sampling methodology; HABITAT USE; PRESENCE-ABSENCE DATA; design},
        isbn={0022-541X},
        language={English},
        url={http://dx.doi.org/10.1002/jwmg.276},
}

@article{camera2011,
        author={Marcus Rowcliffe,J. and Carbone,Chris and Jansen,Patrick A. and Kays,Roland and Kranstauber,Bart},
        year={2011},
        title={Quantifying the sensitivity of camera traps: an adapted distance sampling approach},
        journal={Methods in Ecology and Evolution},
        volume={2},
        number={5},
        pages={464-476},
        keywords={BIRDS; DESIGN; ECOLOGY; animal density; Leerstoelgroep Bosecologie en bosbeheer; NEOTROPICAL FORESTS; Abundance; ESTIMATE DENSITIES; abundance estimation; camera detection zone; TIGERS; LANDSCAPE; CRYPTIC MAMMALS; passive infrared motion sensor; Cameras; Random Encounter Model; detection probability; POPULATION; PHOTOGRAPHIC RATES},
        isbn={2041-210X},
        language={English},
        url={http://dx.doi.org/10.1111/j.2041-210X.2011.00094.x},
}

@book{thompson2012,
        author={Thompson,Steven K.},
        year={2012},
        title={Sampling},
        publisher={John Wiley \& Sons},
        address={Hoboken, N.J},
        volume={755.; 755},
        abstract={"Sampling provides an up-to-date treatment of both classical and modern sampling design and estimation methods, along with sampling methods for rare, clustered, and hard-to-detect populations ... Organized into six sections, the book covers basic sampling, from simple random to unequal probability sampling; the use of auxiliary data with ratio and regression estimation; sufficient data, model, and design in practical sampling; useful designs such as stratified, cluster and systematic, multistage, double and network sampling; detectability methods for elusive populations; spatial sampling; and adaptive sampling designs."--Publisher.},
        keywords={Sampling (Statistics)},
        isbn={1118162935; 9781118162965; 9781118162934; 111816296X},
        language={English},
}